@MISC{LetsEvents,
 title ={LetsEvents},
 url ={https://lets.events/},
 organization={lets .events},
 urlaccessdate={21 abril 2019}
 }
 
 @MISC{ingresso.com,
 title ={ingresso.com},
 url ={https://www.ingresso.com/},
 organization={ingresso.com},
 urlaccessdate={21 abril 2019}
 }
 
@MISC{Cinemark,
 title ={Cinemark},
 url ={https://www.cinemark.com.br/ingressos},
 organization={Cinemark},
 urlaccessdate={21 abril 2019}
 }
 
@book{adams1995hitchhiker,
  title={The Hitchhiker's Guide to the Galaxy},
  author={Adams, D.},
  isbn={9781417642595},
  url={http://books.google.com/books?id=W-xMPgAACAAJ},
  year={1995},
  publisher={San Val}
}
 }
 
 